@inproceedings{DBLP:conf/splc/AngererPLGG14,
  author    = {Florian Angerer and
               Herbert Prähofer and
               Daniela Lettner and
               Andreas Grimmer and
               Paul Grünbacher},
  editor    = {Stefania Gnesi and
               Alessandro Fantechi and
               Patrick Heymans and
               Julia Rubin and
               Krzysztof Czarnecki and
               Deepak Dhungana},
  title     = {Identifying Inactive Code in Product Lines with Configuration-Aware System Dependence Graphs},
  booktitle = {18th International Software Product Line Conference, {SPLC} '14, Florence, Italy, September 15-19, 2014},
  pages     = {52--61},
  publisher = {{ACM}},
  year      = {2014},
  url       = {http://doi.acm.org/10.1145/2648511.2648517},
  doi       = {10.1145/2648511.2648517},
  timestamp = {Tue, 24 Feb 2015 09:10:32 +0100},
  biburl    = {http://dblp.uni-trier.de/rec/bib/conf/splc/AngererPLGG14},
  bibsource = {dblp computer science bibliography, http://dblp.org}
}

@inproceedings{DBLP:conf/kbse/Angerer14,
  author    = {Florian Angerer},
  editor    = {Ivica Crnkovic and
               Marsha Chechik and
               Paul Grünbacher},
  title     = {Variability-Aware Change Impact Analysis of Multi-Language Product Lines},
  booktitle = {{ACM/IEEE} International Conference on Automated Software Engineering, {ASE} '14,
               Vasteras, Sweden - September 15-19, 2014},
  pages     = {903--906},
  publisher = {{ACM}},
  year      = {2014},
  url       = {http://doi.acm.org/10.1145/2642937.2653472},
  doi       = {10.1145/2642937.2653472},
  timestamp = {Wed, 29 Mar 2017 16:45:22 +0200},
  biburl    = {http://dblp.uni-trier.de/rec/bib/conf/kbse/Angerer14},
  bibsource = {dblp computer science bibliography, http://dblp.org}
}

@inproceedings{DBLP:conf/kbse/AngererGPG15,
  author    = {Florian Angerer and
               Andreas Grimmer and
               Herbert Prähofer and
               Paul Grünbacher},
  editor    = {Myra B. Cohen and
               Lars Grunske and
               Michael Whalen},
  title     = {Configuration-Aware Change Impact Analysis {(T)}},
  booktitle = {30th {IEEE/ACM} International Conference on Automated Software Engineering, {ASE} 2015,
               Lincoln, NE, USA, November 9-13, 2015},
  pages     = {385--395},
  publisher = {{IEEE} Computer Society},
  year      = {2015},
  url       = {http://dx.doi.org/10.1109/ASE.2015.58},
  doi       = {10.1109/ASE.2015.58},
  timestamp = {Fri, 06 May 2016 09:56:58 +0200},
  biburl    = {http://dblp.uni-trier.de/rec/bib/conf/kbse/AngererGPG15},
  bibsource = {dblp computer science bibliography, http://dblp.org}
}

@inproceedings{DBLP:conf/wcre/GrimmerAPG16,
  author    = {Andreas Grimmer and
               Florian Angerer and
               Herbert Prähofer and
               Paul Grünbacher},
  title     = {Supporting Program Analysis for Non-Mainstream Languages: Experiences and Lessons Learned},
  booktitle = {{IEEE} 23rd International Conference on Software Analysis, Evolution,
               and Reengineering, {SANER} 2016, Suita, Osaka, Japan, March 14-18, 2016 - Volume 1},
  pages     = {460--469},
  publisher = {{IEEE} Computer Society},
  year      = {2016},
  url       = {http://dx.doi.org/10.1109/SANER.2016.15},
  doi       = {10.1109/SANER.2016.15},
  timestamp = {Fri, 30 Dec 2016 17:31:39 +0100},
  biburl    = {http://dblp.uni-trier.de/rec/bib/conf/wcre/GrimmerAPG16},
  bibsource = {dblp computer science bibliography, http://dblp.org}
}

@inproceedings{DBLP:conf/icsm/AngererPG16,
  author    = {Florian Angerer and
               Herbert Prähofer and
               Paul Grünbacher},
  title     = {Modular Change Impact Analysis for Configurable Software},
  booktitle = {2016 {IEEE} International Conference on Software Maintenance and Evolution, {ICSME} 2016,
               Raleigh, NC, USA, October 2-7, 2016},
  pages     = {468--472},
  publisher = {{IEEE} Computer Society},
  year      = {2016},
  url       = {http://dx.doi.org/10.1109/ICSME.2016.69},
  doi       = {10.1109/ICSME.2016.69},
  timestamp = {Thu, 19 Jan 2017 17:41:08 +0100},
  biburl    = {http://dblp.uni-trier.de/rec/bib/conf/icsm/AngererPG16},
  bibsource = {dblp computer science bibliography, http://dblp.org}
}
